@article{Knuth1975,
  author  = {Donald E. Knuth and Ronald W. Moore},
  title   = {An Analysis of Alpha-Beta Pruning},
  journal = {Artificial Intelligence},
  volume  = {6},
  number  = {4},
  pages   = {293--326},
  year    = {1975}
}

@inproceedings{Korf1985,
  author    = {Richard E. Korf},
  title     = {Depth-first iterative-deepening: An optimal admissible tree search},
  booktitle = {Proceedings of the International Joint Conference on Artificial Intelligence},
  pages     = {1034--1036},
  year      = {1985}
}

@article{Campbell2002DeepBlue,
  author  = {Murray Campbell and A. Joseph Hoane Jr. and Feng-hsiung Hsu},
  title   = {Deep Blue},
  journal = {Artificial Intelligence},
  volume  = {134},
  number  = {1-2},
  pages   = {57--83},
  year    = {2002}
}

@misc{Shannon1950,
  author  = {Claude E. Shannon},
  title   = {Programming a Computer for Playing Chess},
  howpublished={Philosophical Magazine, 41(314), pp.256--275},
  year    = {1950}
}

@book{vonNeumann1944,
  author    = {John von Neumann and Oskar Morgenstern},
  title     = {Theory of Games and Economic Behavior},
  publisher = {Princeton University Press},
  year      = {1944}
}

@misc{Slate1977,
  author  = {David J. Slate and Larry R. Atkin},
  title   = {Chess 4.5 - The Northwestern University Chess Program},
  howpublished={Tech. Report, Northwestern University},
  year    = {1977}
}

@inproceedings{Coulom2006,
  author    = {R{\'e}mi Coulom},
  title     = {Efficient Selectivity and Backup Operators in Monte-Carlo Tree Search},
  booktitle = {Computers and Games},
  year      = {2006},
  pages     = {72--83}
}

@article{Silver2018AlphaZero,
  author  = {David Silver and Julian Schrittwieser and Karen Simonyan and Ioannis Antonoglou and Aja Huang and Arthur Guez and Thomas Hubert and Lucas Baker and Matthew Lai and Adrian Bolton and Yutian Chen and Timothy Lillicrap and Fan Hui and Laurent Sifre and George van den Driessche and Thore Graepel and Demis Hassabis},
  title   = {Mastering the game of {Go} without human knowledge},
  journal = {Nature},
  volume  = {550},
  pages   = {354--359},
  year    = {2018}
}

@misc{Nasu2018,
  author = {Nasu, Yu},
  title  = {NNUE: Efficiently Updatable Neural Network for Shogi},
  howpublished = {Presentation, CSA Shogi forum},
  year   = {2018}
}

@misc{Lichess2020,
  author = {lichess.org},
  title  = {Lichess Analysis Board},
  howpublished = {Online Resource},
  year   = {2020}
}

@misc{Arena2019,
  author = {Martin Blume},
  title  = {Arena Chess GUI},
  howpublished = {Software Release},
  year   = {2019}
}

@book{LevyNewborn1991,
  title     = {How Computers Play Chess},
  author    = {Levy, David N. L. and Newborn, Monty},
  publisher = {W. H. Freeman and Company},
  year      = {1991}
}

@misc{Pawlowski2019LCZero,
  author = {Pawel Pawlowski and others},
  title  = {Leela Chess Zero: A distributed effort to replicate AlphaZero},
  year   = {2019},
  howpublished = {Online resource, arXiv or community forum references}
}


@misc{StockfishNNUE2020,
  author = {Stockfish Developers},
  title  = {NNUE integration in Stockfish},
  year   = {2020},
  howpublished = {GitHub Pull Request, Stockfish engine repository}
}

@misc{githubdocs,
  author       = {Engine Author(s)},
  title        = {NNUE Implementation in HalfKP},
  howpublished = {\url{https://github.com/official-stockfish/nnue-pytorch/blob/master/docs/nnue.md}},
  note         = {Accessed: YYYY-MM-DD}
}

@misc{stockfishdocs,
  title     = {Stockfish: Official Documentation},
  howpublished = {\url{https://stockfishchess.org/}},
  note      = {Accessed: 2025-04-10}
}

@misc{lichessEngineIntegration,
  title     = {Lichess Engine Integration Guide},
  howpublished = {\url{https://lichess.org/blog/XyzEngineIntegration}},
  note      = {Accessed: 2025-04-10}
}

@misc{arenaDocs,
  title     = {Arena Chess GUI Documentation},
  howpublished = {\url{http://www.playwitharena.de/}},
  note      = {Accessed: 2025-04-10}
}

@misc{cuTechessDocs,
  title     = {Cute Chess: Official Docs},
  howpublished = {\url{https://github.com/cutechess/cutechess}},
  note      = {Accessed: 2025-04-10}
}

@misc{scidDocs,
  title     = {SCID: Shane's Chess Information Database},
  howpublished = {\url{http://scid.sourceforge.net/}},
  note      = {Accessed: 2025-04-10}
}

@misc{MihailescuPathfinding2020,
  author    = {Clement Mihailescu},
  title     = {Pathfinding Visualizer},
  howpublished = {\url{https://github.com/clementmihailescu/Pathfinding-Visualizer}},
  year      = {2020},
  note      = {Accessed: 2025-04-10}
}

@misc{AlphaBetaTutorial,
  title     = {Alpha-Beta Pruning: A Search Algorithm Tutorial},
  howpublished = {\url{https://www.example.com/alpha-beta-tutorial}},
  note      = {Accessed: 2025-04-10}
}

@misc{MinimaxDemonstration,
  author    = {Jane Doe},
  title     = {Minimax Visualization in Connect Four},
  howpublished = {\url{https://www.example.com/minimax-demo}},
  note      = {Accessed: 2025-04-10}
}
@misc{mazeSolverSite,
  title        = {{Maze Solver by ESStudio}},
  howpublished = {\url{https://esstudio.site/maze-solver/}},
  note         = {Accessed: 2025-04-10}
}

@misc{PathfindoutSite,
  title        = {{Pathfindout}},
  howpublished = {\url{https://pathfindout.com/}},
  note         = {Accessed: 2025-04-10}
}

@misc{SomePathfindingDiscussion,
  author       = {Author or Forum Handle},
  title        = {Discussion on the importance of standardized pathfinding benchmarks},
  howpublished = {\url{https://some-forum-or-article.com}},
  note         = {Accessed: 2025-04-10}
}


@inproceedings{dombrowski2008layout,
  author    = {Dombrowski, Lisa},
  title     = {Layout strategies for text clarity and retention},
  booktitle = {Proceedings of the 2008 Conference on User Experience},
  year      = {2008}
}

@book{nielsen2006usability,
  author    = {Nielsen, Jakob},
  title     = {Prioritizing Web Usability},
  publisher = {New Riders Press},
  year      = {2006}
}

@inproceedings{tsumura2022layout,
  author    = {Tsumura, Koki and Shirogane, Junko and Iwata, Hajime and Fukazawa, Yoshiaki},
  title     = {LAYOUT-DRIVEN WEBPAGE READING},
  booktitle = {eSociety Conference},
  year      = {2022},
  address   = {Tokyo, Japan}
}

@misc{stockfish,
  author       = {Stockfish Community},
  title        = {Stockfish Chess Engine},
  howpublished = {\url{https://stockfishchess.org/}},
  year         = {2023},
  note         = {[Online; accessed May 2023]}
}

@misc{nnue-stockfish,
  author       = {Stockfish Contributors},
  title        = {Stockfish with NNUE (Neural Network-based Universal Evaluator)},
  howpublished = {\url{https://github.com/official-stockfish/Stockfish}},
  year         = {2020},
  note         = {[Online; accessed May 2023]}
}

@misc{sunfish,
  author       = {M{\aa}nsson, Jonas K.},
  title        = {Sunfish Chess Engine},
  howpublished = {\url{https://github.com/thomasahle/sunfish}},
  year         = {2015},
  note         = {[Online; accessed May 2023]}
}

@misc{python-chess,
  author       = {Fiekas, Niklas},
  title        = {{python-chess}: A Pure {Python} Chess Library},
  howpublished = {\url{https://python-chess.readthedocs.io/}},
  year         = {2023},
  note         = {[Online; accessed May 2023]}
}
@misc{ECMA,
  title        = {ECMAScript Language Specification},
  howpublished = {\url{https://262.ecma-international.org/}},
  note         = {Accessed: 2025-04-11}
}

@misc{W3C,
  title        = {World Wide Web Consortium (W3C)},
  howpublished = {\url{https://www.w3.org/}},
  note         = {Accessed: 2025-04-11}
}

@misc{MDNDocs,
  title        = {MDN Web Docs},
  howpublished = {\url{https://developer.mozilla.org/}},
  note         = {Accessed: 2025-04-11}
}

@misc{webpack,
  title        = {Webpack official documentation},
  howpublished = {\url{https://webpack.js.org/}},
  note         = {Accessed: 2025-04-11}
}

@misc{babel,
  title        = {Babel official documentation},
  howpublished = {\url{https://babeljs.io/}},
  note         = {Accessed: 2025-04-11}
}

@misc{npmDocs,
  title        = {npm Documentation},
  howpublished = {\url{https://docs.npmjs.com/}},
  note         = {Accessed: 2025-04-11}
}

@misc{yarnDocs,
  title        = {Yarn Documentation},
  howpublished = {\url{https://yarnpkg.com/}},
  note         = {Accessed: 2025-04-11}
}

@misc{JSHistory,
  title        = {History of JavaScript},
  howpublished = {\url{https://www.w3.org/community/webed/wiki/A_Short_History_of_JavaScript}},
  note         = {Accessed: 2025-04-11}
}

@misc{KyleSimpsonAsyncJS,
  author       = {Kyle Simpson},
  title        = {{You Don't Know JS: Async \& Performance}},
  howpublished = {\url{https://github.com/getify/You-Dont-Know-JS}},
  note         = {Accessed: 2025-04-11}
}

@misc{nodeDocs,
  title        = {Node.js Documentation},
  howpublished = {\url{https://nodejs.org/en/docs}},
  note         = {Accessed: 2025-04-11}
}

@misc{ReactDocs,
  title        = {React official documentation},
  howpublished = {\url{https://react.dev/}},
  note         = {Accessed: 2025-04-11}
}

@misc{ReactHooksDocs,
  title        = {Using the State Hook - React official docs},
  howpublished = {\url{https://react.dev/reference/react/useState}},
  note         = {Accessed: 2025-04-11}
}

@misc{TailwindDocs,
  title        = {Tailwind CSS official documentation},
  howpublished = {\url{https://tailwindcss.com/}},
  note         = {Accessed: 2025-04-11}
}

@misc{chessjs,
  title        = {Chess.js GitHub repository},
  howpublished = {\url{https://github.com/jhlywa/chess.js}},
  note         = {Accessed: 2025-04-11}
}

@misc{reactflowDocs,
  title        = {React Flow official documentation},
  howpublished = {\url{https://reactflow.dev/}},
  note         = {Accessed: 2025-04-11}
}

@misc{fastapiDocs,
  title        = {FastAPI official documentation},
  howpublished = {\url{https://fastapi.tiangolo.com/}},
  note         = {Accessed: 2025-04-11}
}

@misc{uvicornDocs,
  title        = {Uvicorn official documentation},
  howpublished = {\url{https://www.uvicorn.org/}},
  note         = {Accessed: 2025-04-11}
}

@misc{pytorchDocs,
  title        = {PyTorch official documentation},
  howpublished = {\url{https://pytorch.org/}},
  note         = {Accessed: 2025-04-11}
}

@article{Harris2020Array,
  title        = {Array programming with {NumPy}},
  author       = {Charles R. Harris and K. Jarrod Millman and St\'{e}fan J. van der Walt and et al.},
  journal      = {Nature},
  volume       = {585},
  number       = {7825},
  pages        = {357--362},
  year         = {2020}
}

@misc{DockerDocs,
  title        = {Docker Documentation},
  howpublished = {\url{https://docs.docker.com/}},
  note         = {Accessed: 2025-04-11}
}

@misc{python-collections,
  title        = {Python Documentation: collections --- Container datatypes},
  author       = {{Python Software Foundation}},
  howpublished = {\url{https://docs.python.org/3/library/collections.html}},
  note         = {Accessed: 15-Apr-2025}
}